<?xml version="1.0" encoding="UTF-8"?><collection xmlns="http://www.loc.gov/MARC21/slim"><record><leader>00568nam--2200193-i-4500</leader><controlfield tag="001">000035736</controlfield><controlfield tag="002">20161230</controlfield><controlfield tag="005">20161230201040</controlfield><controlfield tag="008">060222s1000------------r-----000-0-rum-d</controlfield><datafield ind1=" " ind2=" " tag="040"><subfield code="a">IFIN-HH</subfield></datafield><datafield ind1=" " ind2=" " tag="041"><subfield code="a">rum</subfield></datafield><datafield ind1=" " ind2=" " tag="080"><subfield code="a">539.172.3:539.2:621.318.1(043)</subfield></datafield><datafield ind1="1" ind2=" " tag="100"><subfield code="a">Nistor, C</subfield></datafield><datafield ind1="1" ind2="0" tag="245"><subfield code="a">Efectul mossbauer si utilizarea lui instudiul unor ferite</subfield><subfield code="b">Teza</subfield><subfield code="c">C. nistor</subfield></datafield><datafield ind1=" " ind2=" " tag="260"><subfield code="a">Bucuresti</subfield><subfield code="b">Facultatea De Fizica</subfield><subfield code="c">1970</subfield></datafield><datafield ind1=" " ind2=" " tag="300"><subfield code="a">118P</subfield></datafield><datafield ind1=" " ind2=" " tag="502"><subfield code="a">Conducator Stiintific: Acad.Prof.Dr.Doc. Horia Hulubei</subfield></datafield><datafield ind1=" " ind2=" " tag="852"><subfield code="a">44633</subfield><subfield code="c">H.H</subfield></datafield><datafield ind1=" " ind2=" " tag="CAT"><subfield code="a">Sys</subfield><subfield code="c">20130416</subfield><subfield code="h">143015</subfield></datafield></record></collection>